@article{1_blinn_1978,
author={Blinn, James F.},
title={Simulation of wrinkled surfaces},
volume={12},
urldate={2015-7-30},
DOI={10.1145/965139.507101},
number={3},
journal={ACM SIGGRAPH Computer Graphics},
year={1978},
pages={286-292}
},

@article{2_blinn_newell_1976,
author={Blinn, James F. and Newell, Martin E.},
title={Texture and reflection in computer generated images},
volume={19},
urldate={2015-7-30},
DOI={10.1145/360349.360353},
number={10},
journal={Communications of the ACM},
year={1976},
pages={542-547}
},

@book{3_bourke_1990,
author={Bourke, Paul},
title={The Torus and Supertoroid. Paulbourke.net},
url={http://paulbourke.net/geometry/torus/torus1.gif},
urldate={2015-7-26},
year={1990}
},

@book{4_de_greve_2006,
author={de Greve, Bram},
title={Reflections and Refractions in Ray Tracing},
edition={1},
url={http://graphics.stanford.edu/courses/cs148-10-summer/docs/2006--degreve--reflection_refraction.pdf},
urldate={2015-7-26},
year={2006},
pages={1-6}
},

@misc{5_drakos_1997,
author={Drakos, Nikos},
title={Ray tracing primitives},
url={https://www.cl.cam.ac.uk/teaching/1999/AGraphHCI/SMAG/node2.html},
urldate={2015-7-26},
journal={Cl.cam.ac.uk},
year={1997}
},

@article{6_hughes_moller_2005,
author={Hughes, John and M�ller, Tomas},
title={Building an Orthonormal Basis from a Unit Vector},
urldate={2015-7-26},
DOI={10.1201/b10628-4},
journal={Graphics Tools---The jgt Editors' Choice},
year={2005},
pages={15-17}
},

@misc{7_kora_2007,
author={Kora, Leena},
title={Perlin Noise on GPU},
url={http://www.sci.utah.edu/~leenak/IndStudy_reportfall/Perlin%20Noise%20on%20GPU.html},
urldate={2015-7-26},
journal={Sci.utah.edu},
year={2007}
},

@article{8_moller_trumbore_1997,
author={M�ller, Tomas and Trumbore, Ben},
title={Fast, Minimum Storage Ray-Triangle Intersection},
volume={2},
urldate={2015-7-26},
DOI={10.1080/10867651.1997.10487468},
number={1},
journal={Journal of Graphics Tools},
year={1997},
pages={21-28}
},

@misc{9_perlin_2002,
author={Perlin, Ken},
title={Improved Noise reference implementation. Mrl.nyu.edu},
url={http://mrl.nyu.edu/~perlin/noise/},
urldate={2015-7-26},
journal={Mrl.nyu.edu},
year={2002}
},

@article{10_perlin_1985,
author={Perlin, Ken},
title={An image synthesizer},
volume={19},
urldate={2015-7-26},
DOI={10.1145/325165.325247},
number={3},
journal={ACM SIGGRAPH Computer Graphics},
year={1985},
pages={287-296}
},

@article{11_perlin_2002,
author={Perlin, Ken},
title={Improving noise},
volume={21},
urldate={2015-7-26},
DOI={10.1145/566654.566636},
number={3},
journal={TOG},
year={2002}
},

@book{12_shirley_marschner_2009,
author={Shirley, P and Marschner, Stephen Robert},
title={Fundamentals of computer graphics},
place={Natick, Mass.},
publisher={A K Peters},
year={2009}
},

@book{13_wagner_2004,
author={Wagner, Max},
title={Ray/Torus Intersection},
place={Redmond},
edition={1},
url={http://www.emeyex.com/site/projects/raytorus.pdf},
urldate={2015-7-26},
year={2004},
pages={1-5}
}
